@ARTICLE{Kholgade14,
   author = {Natasha Kholgade, Tomas Simon, Alexei Efros and Yaser Sheikh},
   title = {3D Object Manipulation in a Single Photograph using Stock 3D Models},
   journal = {ACM Transactions on Computer Graphics},
   year = {2014},
}

@inproceedings{Aubry14,
  title={Seeing 3D chairs: exemplar part-based 2D-3D alignment using a large dataset of CAD models},
  author={Aubry, Mathieu and Maturana, Daniel and Efros, Alexei, and Russell, Bryan and Sivic, Josef},
  booktitle={CVPR},
  year={2014},
}

@inproceedings{Lim14,
  title={FPM: Fine pose Parts-based Model with 3D CAD models},
  author={J. Lim, A. Khosla and A. Torralba},
  booktitle={ECCV},
  year={2014},
}

@inproceedings{Malisiewicz11,
  Author =	 {Tomasz Malisiewicz and Abhinav Gupta and Alexei A. Efros},
  Booktitle =	 {ICCV},
  Title =	 {Ensemble of Exemplar-SVMs for Object Detection and Beyond},
  Year =	 {2011},
}

@INPROCEEDINGS{Hejrati14, 
  author={Hejrati, Mohsen and Ramanan, Deva}, 
  booktitle={CVPR}, 
  title={Analysis by Synthesis: 3D Object Recognition by Object Reconstruction}, 
  year={2014}, 
}

@inproceedings{Hariharan12,
    author = "Hariharan, Bharath and Malik, Jitendra and Ramanan, Deva",
    title = "Discriminative Decorrelation for Clustering and Classification",
    year = "2012",
    ee = "http://dx.doi.org/10.1007/978-3-642-33765-9_33",
    bibsource = "DBLP, http://dblp.uni-trier.de",
    crossref = "DBLP:conf/eccv/2012-4",
    booktitle = "ECCV",
}

@INPROCEEDINGS{Sattler11, 
    author={Sattler, T. and Leibe, B. and Kobbelt, L.}, 
    booktitle={ICCV}, 
    title={Fast image-based localization using direct 2D-to-3D matching}, 
    year={2011}, 
}

@article{Chen13,
 author = {Chen, Tao and Zhu, Zhe and Shamir, Ariel and Hu, Shi-Min and Cohen-Or, Daniel},
 title = {3Sweepp: Extracting Editable Objects from a Single Photo},
 journal = {ACM Trans. Graph.},
 issue_date = {November 2013},
 year = {2013},
 publisher = {ACM},
}

@ARTICLE{Lowe87,
    author = {David G. Lowe},
    title = {Three-dimensional object recognition from single two-dimensional images},
    journal = {Artificial Intelligence},
    year = {1987},
}

@INPROCEEDINGS{Savarese07, 
author={Savarese, S. and Li Fei-Fei}, 
booktitle={ICCV}, 
title={3D generic object categorization, localization and pose estimation}, 
year={2007}, 
ISSN={1550-5499},}


@article{vondrick2013,
  title={HOGgles: Visualizing Object Detection Features},
  author={Vondrick, C. and Khosla, A. and Malisiewicz, T. and Torralba, A.},
  journal={ICCV},
  year={2013},
}

@article{Miller81,
     title = {On the Inverse of the Sum of Matrices},
     author = {Miller, Kenneth S.},
     journal = {Mathematics Magazine},
     year = {1981},
     publisher = {Mathematical Association of America},
     copyright = {Copyright © 1981 Mathematical Association of America},}
    
@misc{Podlozhnyuk,
    author = {Victor Podlozhnyuk},
    title = {{FFT}-based 2D convolution},
    month = {June},
    year = {2007},
    url = {http://developer.download.nvidia.com/compute/cuda/2_2/sdk/website/projects/convolutionFFT2D/doc/convolutionFFT2D.pdf},
}

@misc{Choy14render,
    author={Christopher B. Choy},
    title={Matlab Offscreen Renderer},
    howpublished={http://github.com/chrischoy/MatlabRenderer},
}

@misc{Choy14,
    author={Christopher B. Choy},
    title={Detection without Training},
	  howpublished = {http://github.com/chrischoy/DetectionWoTraining}	
}

@article{Akaike73,
     title = {Block Toeplitz Matrix Inversion},
     author = {Akaike, Hirotugu},
     journal = {SIAM Journal on Applied Mathematics},
     year = {1973},
     publisher = {Society for Industrial and Applied Mathematics},
     copyright = {Copyright © 1973 Society for Industrial and Applied Mathematics},
}


@article{Martinsson05,
title = "A fast algorithm for the inversion of general Toeplitz matrices ",
journal = "Computers and Mathematics with Applications ",
year = "2005",
author = "P.G. Martinsson and V. Rokhlin and M. Tygert",
}

@ARTICLE{Belouchrani00, 
author={Belouchrani, A. and Cichocki, A.}, 
journal={Electronics Letters}, 
title={Robust whitening procedure in blind source separation context}, 
year={2000}, 
ISSN={0013-5194},}

@INPROCEEDINGS{Dalal05, 
author={Dalal, N. and Triggs, B.}, 
booktitle={CVPR}, 
title={Histograms of oriented gradients for human detection}, 
year={2005}, 
ISSN={1063-6919},}

@misc{pascal12,
	author = "Everingham, M. and Van~Gool, L. and Williams, C. K. I. and Winn, J. and Zisserman, A.",
	title = "The {PASCAL} {V}isual {O}bject {C}lasses {C}hallenge 2012 {(VOC2012)} {R}esults",
	howpublished = "http://www.pascal-network.org/challenges/VOC/voc2012/workshop/index.html"}	

@article{Felzenszwalb10,
  title = "Object Detection with Discriminatively Trained Part Based Models",
  author = "Felzenszwalb, P. F. and Girshick, R. B. and McAllester, D. and Ramanan, D.",
  journal = "PAMI",
  year = "2010",}

@incollection{Krizhevsky12,
title = {ImageNet Classification with Deep Convolutional Neural Networks},
author = {Alex Krizhevsky and Sutskever, Ilya and Geoffrey E. Hinton},
booktitle = {NIPS},
editor = {F. Pereira and C.J.C. Burges and L. Bottou and K.Q. Weinberger},
year = {2012},
} 

@article{Overfeat,
author    = {Pierre Sermanet and
             David Eigen and
             Xiang Zhang and
             Micha{\"{e}}l Mathieu and
             Rob Fergus and
             Yann LeCun},
title     = {OverFeat: Integrated Recognition, Localization and Detection using
             Convolutional Networks},
journal   = {CoRR},
year      = {2013},
biburl    = {http://dblp.uni-trier.de/rec/bib/journals/corr/SermanetEZMFL13},
}


@inproceedings{Girshick14,
    Author = {Girshick, Ross and Donahue, Jeff and Darrell, Trevor and Malik, Jitendra},
    Title = {Rich feature hierarchies for accurate object detection and semantic segmentation},
    Booktitle = {CVPR},
    Year = {2014}
}

@inproceedings {Kostas14,
	title = {Image-based Synthesis and Re-Synthesis of Viewpoints Guided by 3D Models},
	booktitle = {CVPR},
	year = {2014},
	attachments = {https://www.d2.mpi-inf.mpg.de/sites/default/files/ImageBasedSynthesis.pdf},
	author = {Konstantinos Rematas and Tobias Ritschel and Mario Fritz and Tinne Tuytelaars}
}


@article{Markelj12,
title = "A review of 3D/2D registration methods for image-guided interventions ",
journal = "Medical Image Analysis ",
volume = "16",
number = "3",
year = "2012",
note = "Computer Assisted Interventions ",
url = "http://www.sciencedirect.com/science/article/pii/S1361841510000368",
author = "P. Markelj and D. Toma¿evi¿ and B. Likar and F. Pernu¿",
}

@inproceedings{Pepik12,
	title = {Teaching 3D Geometry to Deformable Part Models},
	booktitle = {CVPR},
	year = {2012},
	attachments = {https://www.d2.mpi-inf.mpg.de/sites/default/files/pepik12cvpr.pdf},
	author = {Pepik, Bojan and Michael Stark and Peter Gehler and Schiele, Bernt}
}

@inProceedings{Xiang12,
  author       = {Yu Xiang and Silvio Savarese},
  title        = {Estimating the Aspect Layout of Object Categories},
  booktitle    = {CVPR},
  year         = {2012},
}

@misc{Trimble,
	  howpublished = {http://3dwarehouse.sketchup.com/}	
}

@misc{Yobi,
	  howpublished = {http://yobi3d.com}
}

@article{Lim13,
   title={{Parsing IKEA Objects: Fine Pose Estimation}},
   author={Joseph J. Lim and Hamed Pirsiavash and Antonio Torralba},
   journal={ICCV},
   year={2013}
}

@article{Divvala14,
  title = {Learning Everything about Anything: Webly-Supervised Visual Concept Learning},
  author = {Santosh Divvala and Ali Farhadi and Carlos Guestrin},
  booktitle = {CVPR},
  year = {2014},
}

@Article{Aubry13,
   author = "Aubry, M. and Russell, B. and Sivic, J.",
   title = "Painting-to-{3D} Model Alignment Via Discriminative Visual Elements",
   journal = "ACM Transactions on Graphics",
   year = "2013",
}

@InProceedings{Xiang14,
  author       = {Yu Xiang and Roozbeh Mottaghi and Silvio Savarese},
  title        = {Beyond PASCAL: A Benchmark for 3D Object Detection in the Wild},
  booktitle    = {WACV},
  year         = {2014},
}

@techreport{Gharbi12,
    title = { A Gaussian Approximation of Feature Space for Fast Image Similarity },
    author = { Michael Gharbi and Tomasz Malisiewicz and Sylvain Paris and
        Fr\'edo Durand },
    year = { 2012 },
    institution = {MIT CSAIL}
}

@inproceedings{Fidler12,
author = {Sanja Fidler and Sven Dickinson and Raquel Urtasun},
title = {3D Object Detection and Viewpoint Estimation with a Deformable 3D Cuboid Model},
booktitle = {NIPS},
year = {2012}}

@ARTICLE{Zia13, 
author={Zia, M.Z. and Stark, M. and Schiele, B. and Schindler, K.}, 
journal={PAMI}, 
title={Detailed 3D Representations for Object Recognition and Modeling}, 
year={2013}, 
ISSN={0162-8828},}


@INPROCEEDINGS{Lopez-Sastre11, 
author={Lopez-Sastre, R.J. and Tuytelaars, T. and Savarese, S.}, 
booktitle={Computer Vision Workshops (ICCV Workshops), 2011 IEEE International Conference on}, 
title={Deformable part models revisited: A performance evaluation for object category pose estimation}, 
year={2011}, 
doi={10.1109/ICCVW.2011.6130367},}

@misc{shewchuk94,
  title={An introduction to the conjugate gradient method without the agonizing pain},
  author={Shewchuk, Jonathan Richard},
  year={1994}
}

@article{mcmc,
year={2005},
journal={Computational Statistics},
volume={20},
number={2},
title={Componentwise adaptation for high dimensional MCMC},
author={Haario, Heikki and Saksman, Eero and Tamminen, Johanna},
pages={265-273},
}

@inproceedings{sun10eccv,
 title={Depth-Encoded Hough Voting for joint object detection and shape recovery},
 author={M. Sun and B.X. Xu and G. Bradski and S. Savarese},
 booktitle={ECCV},
 year={2010},
}

@inproceedings{stark10bmvc,
   title = {Back to the Future: Learning Shape Models from {3D} {CAD} Data},
   author = {Stark, Michael and Goesele, Michael and Schiele, Bernt},
   booktitle = {BMVC},
   year={2010},
}

@inproceedings{gu10eccv,
 author={Gu, Chunhui and Ren, Xiaofeng},
 title={Discriminative mixture-of-templates for viewpoint classification},
 booktitle={ECCV},
 year={2010}
}

@techreport{Shewchuk94,
 author = {Shewchuk, Jonathan R},
 title = {An Introduction to the Conjugate Gradient Method Without the Agonizing Pain},
 year = {1994},
 source = {http://www.ncstrl.org:8900/ncstrl/servlet/search?formname=detail\&id=oai%3Ancstrlh%3Acmucs%3ACMU%2F%2FCS-94-125},
 publisher = {Carnegie Mellon University},
 address = {Pittsburgh, PA, USA},
} 
